@book{bruce_foundations_2002,
	address = {Cambridge  Mass.},
	title = {Foundations of object-oriented languages : types and semantics},
	isbn = {9780262025232},
	publisher = {{MIT} Press},
	author = {Kim Bruce},
	year = {2002}
}
