
@article{simons_theory_2005,
	title = {The Theory of Classification Part 17: Multiple Inheritance and the Resolution of Inheritance Conflicts},
	volume = {4},
	issn = {1660-1769},
	url = {http://www.jot.fm/contents/issue_2005_03/column2.html},
	number = {2},
	journal = {Journal of Object Technology},
	author = {Anthony {J.H.} Simons},
	month = mar,
	year = {2005},
	note = {(column)},
	pages = {15--26}
},

@article{simons_theory_2003,
	title = {The Theory of Classification, Part 5: Axioms, Assertions and Subtyping},
	volume = {2},
	issn = {1660-1769},
	url = {http://www.jot.fm/contents/issue_2003_01/column2.html},
	number = {1},
	journal = {Journal of Object Technology},
	author = {Anthony {J.H.} Simons},
	month = jan,
	year = {2003},
	note = {(column)},
	pages = {13--21}
},

@article{simons_theory_2004,
	title = {The Theory of Classification Part 15: Mixins and the Superclass Interface},
	volume = {3},
	issn = {1660-1769},
	url = {http://www.jot.fm/contents/issue_2004_11/column1.html},
	number = {10},
	journal = {Journal of Object Technology},
	author = {Anthony {J.H.} Simons},
	month = nov,
	year = {2004},
	note = {(column)},
	pages = {7--18}
},

@article{simons_theory_2003-1,
	title = {The Theory of Classification, Part 7: A Class is a Type Family},
	volume = {2},
	issn = {1660-1769},
	url = {http://www.jot.fm/contents/issue_2003_05/column2.html},
	number = {3},
	journal = {Journal of Object Technology},
	author = {Anthony {J.H.} Simons},
	month = may,
	year = {2003},
	note = {(column)},
	pages = {13--22}
},

@article{simons_theory_2004-1,
	title = {The Theory of Classification, Part 13: Template Classes and Genericity},
	volume = {3},
	issn = {1660-1769},
	url = {http://www.jot.fm/contents/issue_2004_07/column2.html},
	number = {7},
	journal = {Journal of Object Technology},
	author = {Anthony {J.H.} Simons},
	month = jul,
	year = {2004},
	note = {(column)},
	pages = {15--25}
},

@article{simons_theory_2004-2,
	title = {The Theory of Classification Part 14: Modification and Objects like Myself},
	volume = {3},
	issn = {1660-1769},
	url = {http://www.jot.fm/contents/issue_2004_09/column2.html},
	number = {8},
	journal = {Journal of Object Technology},
	author = {Anthony {J.H.} Simons},
	month = sep,
	year = {2004},
	note = {(column)},
	pages = {15--26}
},

@article{simons_theory_2002,
	title = {The Theory of Classification, Part 4: Object Types and Subtyping},
	volume = {1},
	issn = {1660-1769},
	url = {http://www.jot.fm/contents/issue_2002_11/column2.html},
	number = {5},
	journal = {Journal of Object Technology},
	author = {Anthony {J.H.} Simons},
	month = nov,
	year = {2002},
	note = {(column)},
	pages = {27--35}
},

@article{simons_theory_2005-1,
	title = {The Theory of Classification Part 20: Modular Checking of Classtypes},
	volume = {4},
	issn = {1660-1769},
	url = {http://www.jot.fm/contents/issue_2005_09/column1.html},
	number = {7},
	journal = {Journal of Object Technology},
	author = {Anthony {J.H.} Simons},
	month = sep,
	year = {2005},
	note = {(column)},
	pages = {7--18}
},

@article{simons_theory_2005-2,
	title = {The Theory of Classification Part 19: The Proliferation of Parameters},
	volume = {4},
	issn = {1660-1769},
	url = {http://www.jot.fm/contents/issue_2005_07/column4.html},
	number = {5},
	journal = {Journal of Object Technology},
	author = {Anthony {J.H.} Simons},
	month = jul,
	year = {2005},
	note = {(column)},
	pages = {37--48}
},

@article{simons_theory_2003-2,
	title = {The Theory of Classification, Part 9: Inheritance and {Self-Reference}},
	volume = {2},
	issn = {1660-1769},
	url = {http://www.jot.fm/contents/issue_2003_11/column2.html},
	number = {6},
	journal = {Journal of Object Technology},
	author = {Anthony {J.H.} Simons},
	month = nov,
	year = {2003},
	note = {(column)},
	pages = {25--34}
},

@article{simons_theory_2002-1,
	title = {The Theory of Classification, Part 2: The {Scratch-Built} Typechecker},
	volume = {1},
	issn = {1660-1769},
	url = {http://www.jot.fm/contents/issue_2002_07/column4.html},
	number = {2},
	journal = {Journal of Object Technology},
	author = {Anthony {J.H.} Simons},
	month = jul,
	year = {2002},
	note = {(column)},
	pages = {47--54}
},

@article{simons_theory_2002-2,
	title = {The Theory of Classification Part 1: Perspectives on Type Compatibility},
	volume = {1},
	issn = {1660-1769},
	url = {http://www.jot.fm/contents/issue_2002_05/column5.html},
	number = {1},
	journal = {Journal of Object Technology},
	author = {Anthony {J.H.} Simons},
	month = may,
	year = {2002},
	note = {(column)},
	pages = {55--61}
},

@article{simons_theory_2004-3,
	title = {The Theory of Classification, Part 11: Adding Class Types to Object Implementations},
	volume = {3},
	issn = {1660-1769},
	url = {http://www.jot.fm/contents/issue_2004_03/column1.html},
	number = {3},
	journal = {Journal of Object Technology},
	author = {Anthony {J.H.} Simons},
	month = mar,
	year = {2004},
	note = {(column)},
	pages = {7--19}
},

@article{simons_theory_2005-3,
	title = {The Theory of Classification, Part 16: Rules of Extension and the Typing of Inheritance},
	volume = {4},
	issn = {1660-1769},
	url = {http://www.jot.fm/contents/issue_2005_01/column2.html},
	number = {1},
	journal = {Journal of Object Technology},
	author = {Anthony {J.H.} Simons},
	month = jan,
	year = {2005},
	note = {(column)},
	pages = {13--25}
},

@article{simons_theory_2003-3,
	title = {The Theory of Classification, Part 6: The Subtyping Inquisition},
	volume = {2},
	issn = {1660-1769},
	url = {http://www.jot.fm/contents/issue_2003_03/column2.html},
	number = {2},
	journal = {Journal of Object Technology},
	author = {Anthony {J.H.} Simons},
	month = mar,
	year = {2003},
	note = {(column)},
	pages = {17--26}
},

@article{simons_theory_2003-4,
	title = {The Theory of Classification, Part 8: Classification and Inheritance},
	volume = {2},
	issn = {1660-1769},
	url = {http://www.jot.fm/contents/issue_2003_07/column4.html},
	number = {4},
	journal = {Journal of Object Technology},
	author = {Anthony {J.H.} Simons},
	month = jul,
	year = {2003},
	note = {(column)},
	pages = {55--64}
},

@article{simons_theory_2002-3,
	title = {The Theory of Classification, Part 3: Object Encoding and Recursion},
	volume = {1},
	issn = {1660-1769},
	url = {http://www.jot.fm/contents/issue_2002_09/column4.html},
	number = {4},
	journal = {Journal of Object Technology},
	author = {Anthony {J.H.} Simons},
	month = sep,
	year = {2002},
	note = {(column)},
	pages = {49--57}
},

@article{simons_theory_2004-4,
	title = {The Theory of Classification, Part 10: Method Combination and {Super-Reference}},
	volume = {3},
	issn = {1660-1769},
	url = {http://www.jot.fm/contents/issue_2004_01/column4.html},
	number = {1},
	journal = {Journal of Object Technology},
	author = {Anthony {J.H.} Simons},
	month = jan,
	year = {2004},
	note = {(column)},
	pages = {43--53}
},

@article{simons_theory_2005-4,
	title = {The Theory of Classification
Part 18: Polymorphism through the Looking Glass},
	volume = {4},
	url = {http://www.jot.fm/issues/issue_2005_05/column1/},
	number = {5},
	journal = {Journal of Object Technology},
	author = {Anthony {J.H.} Simons},
	month = jun,
	year = {2005},
	pages = {7--18}
},

@article{simons_theory_2004-5,
	title = {The Theory of Classification, Part 12: Building the Class Hierarchy},
	volume = {3},
	issn = {1660-1769},
	url = {http://www.jot.fm/contents/issue_2004_05/column2.html},
	number = {5},
	journal = {Journal of Object Technology},
	author = {Anthony {J.H.} Simons},
	month = may,
	year = {2004},
	note = {(column)},
	pages = {13--24}
}